@inproceedings{BonehF01,
  author    = {Dan Boneh and
               Matthew K. Franklin},
  editor_   = {Joe Kilian},
  title     = {{Identity-Based Encryption from the Weil Pairing}},
  booktitle = {{CRYPTO} 2001},
  booktitle_= {Advances in Cryptology - {CRYPTO} 2001, 21st Annual International
               Cryptology Conference, Santa Barbara, California, USA, August 19-23,
               2001, Proceedings},
  series_   = {Lecture Notes in Computer Science},
  volume_   = {2139},
  pages     = {213--229},
  publisher_= {Springer},
  year      = {2001},
  url       = {https://doi.org/10.1007/3-540-44647-8\_13},
  doi       = {10.1007/3-540-44647-8\_13},
  timestamp = {Tue, 14 May 2019 10:00:48 +0200},
  biburl    = {https://dblp.org/rec/conf/crypto/BonehF01.bib},
  bibsource = {dblp computer science bibliography, https://dblp.org}
}

@inproceedings{ChatterjeeDOHPF18,
  author    = {Rahul Chatterjee and
               Periwinkle Doerfler and
               Hadas Orgad and
               Sam Havron and
               Jackeline Palmer and
               Diana Freed and
               Karen Levy and
               Nicola Dell and
               Damon McCoy and
               Thomas Ristenpart},
  title     = {{The Spyware Used in Intimate Partner Violence}},
  booktitle = {S\&P 2018},
  booktitle_= {2018 {IEEE} Symposium on Security and Privacy, {SP} 2018, Proceedings,
               21-23 May 2018, San Francisco, California, {USA}},
  pages     = {441--458},
  publisher_= {{IEEE} Computer Society},
  year      = {2018},
  url       = {https://doi.org/10.1109/SP.2018.00061},
  doi       = {10.1109/SP.2018.00061},
  timestamp = {Mon, 15 Jun 2020 17:06:41 +0200},
  biburl    = {https://dblp.org/rec/conf/sp/ChatterjeeDOHPF18.bib},
  bibsource = {dblp computer science bibliography, https://dblp.org}
}

@article{Chen20,
  author    = {Andrew Tzer{-}Yeu Chen},
  title     = {How Fragmentation Can Undermine the Public Health Response to {COVID-19}},
  journal   = {CoRR},
  volume    = {abs/2009.06279},
  year      = {2020},
  url       = {https://arxiv.org/abs/2009.06279},
  archivePrefix = {arXiv},
  eprint    = {2009.06279},
  timestamp = {Fri, 18 Sep 2020 15:17:35 +0200},
  biburl    = {https://dblp.org/rec/journals/corr/abs-2009-06279.bib},
  bibsource = {dblp computer science bibliography, https://dblp.org}
}

@article{DehayeR20,
  author    = {Paul{-}Olivier Dehaye and
               Joel Reardon},
  title     = {{Proximity Tracing in an Ecosystem of Surveillance Capitalism}},
  journal   = {CoRR},
  volume    = {abs/2009.06077},
  year      = {2020},
  url       = {https://arxiv.org/abs/2009.06077},
  archivePrefix = {arXiv},
  eprint    = {2009.06077},
  note      = {To appear in WPES 2020},
  timestamp = {Fri, 18 Sep 2020 15:17:35 +0200},
  biburl    = {https://dblp.org/rec/journals/corr/abs-2009-06077.bib},
  bibsource = {dblp computer science bibliography, https://dblp.org}
}

@inproceedings{FreedPMLRD18,
  author    = {Diana Freed and
               Jackeline Palmer and
               Diana Elizabeth Minchala and
               Karen Levy and
               Thomas Ristenpart and
               Nicola Dell},
  editor_   = {Regan L. Mandryk and
               Mark Hancock and
               Mark Perry and
               Anna L. Cox},
  title     = {{``A Stalker's Paradise'': How Intimate Partner Abusers Exploit Technology}},
  booktitle = {{CHI} 2018},
  booktitle_= {Proceedings of the 2018 {CHI} Conference on Human Factors in Computing
               Systems, {CHI} 2018, Montreal, QC, Canada, April 21-26, 2018},
  pages     = {667},
  publisher_= {{ACM}},
  year      = {2018},
  url       = {https://doi.org/10.1145/3173574.3174241},
  doi       = {10.1145/3173574.3174241},
  timestamp = {Mon, 21 Sep 2020 12:42:04 +0200},
  biburl    = {https://dblp.org/rec/conf/chi/FreedPMLRD18.bib},
  bibsource = {dblp computer science bibliography, https://dblp.org}
}

@article{LevyS20,
  author    = {Karen Levy and
               Bruce Schneier},
  title     = {Privacy threats in intimate relationships},
  journal   = {J. Cybersecur.},
  volume    = {6},
  number    = {1},
  pages_    = {tyaa006},
  year      = {2020},
  url       = {https://doi.org/10.1093/cybsec/tyaa006},
  doi       = {10.1093/cybsec/tyaa006},
  timestamp = {Tue, 16 Jun 2020 16:35:25 +0200},
  biburl    = {https://dblp.org/rec/journals/cybersecurity/LevyS20.bib},
  bibsource = {dblp computer science bibliography, https://dblp.org}
}

@article{prather2020airborne,
  title={Airborne transmission of SARS-CoV-2},
  author={Prather, Kimberly A and Marr, Linsey C and Schooley, Robert T and McDiarmid, Melissa A and Wilson, Mary E and Milton, Donald K},
  journal={Science},
  volume={370},
  number={6514},
  pages={303},
  year={2020},
  publisher={American Association for the Advancement of Science}
}


@article{wong2020evidence,
  title={Evidence that coronavirus superspreading is fat-tailed},
  author={Wong, Felix and Collins, James J},
  journal={Proceedings of the National Academy of Sciences},
  volume={117},
  number={47},
  pages={29416--29418},
  year={2020},
  publisher={National Acad Sciences}
}

@article{larioja,
  author = {La Rioja},
  title = {{Cómo funciona COVID-19 QR, el sistema que deberías usar al entrar a un bar}},
  note = {\url{https://www.larioja.com/la-rioja/coronavirus/conoce-funciona-covid19-20201125124800-nt.html} accessed November 30, 2020},
}


@misc{safeentry,
  author = {Government of Singapore},
  title = {SafeEntry},
  note = {\url{https://www.safeentry.gov.sg/} accessed November 30, 2020.},
}

@misc{socialpass,
  author = {SocialPass},
  note = {\url{https://www.socialpass.ch/} accessed November 30, 2020.},
}